<?xml version="1.0" encoding="UTF-8"?><collection xmlns="http://www.loc.gov/MARC21/slim"><record><leader>00426nam--2200121-i-4500</leader><controlfield tag="001">000035104</controlfield><controlfield tag="002">20161230</controlfield><controlfield tag="005">20161230201040</controlfield><controlfield tag="008">060222s1000------------r-----000-0-eng-d</controlfield><datafield ind1=" " ind2=" " tag="080"><subfield code="a">017.11(498)</subfield></datafield><datafield ind1=" " ind2=" " tag="245"><subfield code="a">Organizarea si valorificarea evidentelor documentare tehnico-stiintifice la nivel national. coordonator al lucrarii: emil vlad. redactor responsabil: mariana taulescu</subfield></datafield><datafield ind1=" " ind2=" " tag="260"><subfield code="a">Bucuresti, Inid, 1987, 188p</subfield></datafield><datafield ind1=" " ind2=" " tag="852"><subfield code="a">74804</subfield></datafield></record></collection>